<collection xmlns="http://www.loc.gov/MARC21/slim"><record><leader>00844nam  2200277   450</leader><controlfield tag="001">76</controlfield><controlfield tag="003">http://montalegre.opacnet.com/OPAC/default.aspx?ContentAreaControl=ShowRegHoldings.ascx&amp;RegNo=16662</controlfield><datafield tag="010" ind1=" " ind2=" "><subfield code="a">972-23-1215-4</subfield></datafield><datafield tag="021" ind1=" " ind2=" "><subfield code="a">PT</subfield><subfield code="b">26128/89</subfield></datafield><datafield tag="095" ind1=" " ind2=" "><subfield code="a">PTBN00240783</subfield></datafield><datafield tag="100" ind1=" " ind2=" "><subfield code="a">20061013d1990    m  y0pory010305  ba</subfield></datafield><datafield tag="101" ind1="1" ind2=" "><subfield code="a">por</subfield><subfield code="c">fre</subfield></datafield><datafield tag="102" ind1=" " ind2=" "><subfield code="a">PT</subfield></datafield><datafield tag="105" ind1=" " ind2=" "><subfield code="a">y   z   000ay</subfield></datafield><datafield tag="106" ind1=" " ind2=" "><subfield code="a">r</subfield></datafield><datafield tag="200" ind1="1" ind2=" "><subfield code="a">Terra de ninguém</subfield><subfield code="f">Nina Berberova</subfield><subfield code="g">trad. Maria Jorge Vilar de Figueiredo</subfield></datafield><datafield tag="205" ind1=" " ind2=" "><subfield code="a">1ª ed</subfield></datafield><datafield tag="210" ind1=" " ind2=" "><subfield code="a">Lisboa</subfield><subfield code="c">Presença</subfield><subfield code="d">1990</subfield></datafield><datafield tag="215" ind1=" " ind2=" "><subfield code="a">73 p.</subfield><subfield code="d">21 cm</subfield></datafield><datafield tag="225" ind1="2" ind2=" "><subfield code="a">Aura</subfield><subfield code="v">20)</subfield></datafield><datafield tag="304" ind1=" " ind2=" "><subfield code="a">Tít. orig. : Le roseau révolté</subfield></datafield><datafield tag="675" ind1=" " ind2=" "><subfield code="a">821</subfield><subfield code="v">BN</subfield><subfield code="z">por</subfield></datafield><datafield tag="700" ind1=" " ind2="1"><subfield code="a">Berberova</subfield><subfield code="b">Nina</subfield></datafield><datafield tag="702" ind1=" " ind2="1"><subfield code="a">Figueiredo</subfield><subfield code="b">Maria Jorge Vilar de</subfield><subfield code="4">730</subfield></datafield><datafield tag="801" ind1=" " ind2="0"><subfield code="a">PT</subfield><subfield code="b">Biblioteca Municipal de Montalegre</subfield><subfield code="g">RPC</subfield></datafield><datafield tag="856" ind1=" " ind2=" "><subfield code="u">locateMedia.asp?cod=20060508144126&amp;ext=jpg</subfield><subfield code="z">CAPA</subfield></datafield><datafield tag="909" ind1="&#9;" ind2=" "><subfield code="a">1</subfield></datafield><datafield tag="966" ind1=" " ind2=" "><subfield code="a">0008403</subfield><subfield code="l">BMM</subfield><subfield code="s">SCG 821 BER ter 20</subfield></datafield></record></collection>